<?xml version="1.0" encoding="UTF-8"?><record xmlns="http://www.loc.gov/MARC21/slim" xmlns:cinclude="http://apache.org/cocoon/include/1.0" xmlns:zs="http://www.loc.gov/zing/srw/">
  <leader>00574cz  a2200145n  4500</leader>
  <controlfield tag="001">n 2007162551</controlfield>
  <controlfield tag="003">DLC</controlfield>
  <controlfield tag="005">20161208142320.0</controlfield>
  <controlfield tag="008">070717n| azannaabn          |n aaa      </controlfield>
  <datafield tag="010" ind1=" " ind2=" ">
    <subfield code="a">n 2007162551</subfield>
  </datafield>
  <datafield tag="040" ind1=" " ind2=" ">
    <subfield code="a">DLC</subfield>
    <subfield code="b">eng</subfield>
    <subfield code="c">DLC</subfield>
    <subfield code="e">rda</subfield>
    <subfield code="d">DLC</subfield>
  </datafield>
  <datafield tag="100" ind1="1" ind2=" ">
    <subfield code="a">Oedel, Howard T.</subfield>
  </datafield>
  <datafield tag="373" ind1=" " ind2=" ">
    <subfield code="a">Southern Connecticut University</subfield>
    <subfield code="a">Harvard University</subfield>
    <subfield code="a">Boston University</subfield>
  </datafield>
  <datafield tag="670" ind1=" " ind2=" ">
    <subfield code="a">NUCMC data from Maine Hist. Soc. for Picket sentinels, 1951</subfield>
    <subfield code="b">(Howart T. Oedel; history professor, S. Conn. Univ.; B.A.  Harvard; Ph.D., Boston Univ.)</subfield>
  </datafield>
  <datafield tag="670" ind1=" " ind2=" ">
    <subfield code="a">LC data base, July 17, 2007</subfield>
    <subfield code="b">(hdg.: Oedel, Howard T.)</subfield>
  </datafield>
</record>